@incollection{ER10,
 author = {Eick, Bettina and Rossmann, Tobias},
 title = {Periodicities for graphs of $p$-groups beyond coclass.},
 booktitle = {Computational group theory and the theory of groups. II. Papers of the conference on computational group theory and cohomology, Harlaxton College, Grantham, UK, August 4--8, 2008 and the AMS special session on computational group theory, Western Michigan University, Kalamazoo, MI, USA, October 17--19, 2008.},
 isbn = {978-0-8218-4805-0},
 pages = {11--23},
 year = {2010},
 publisher = {Providence, RI: American Mathematical Society (AMS)},
 language = {English},
 keywords = {20D15,05C25,20E18},
 zbMATH = {5778565},
 Zbl = {1216.20012}
}

@book {KLGP97,
    AUTHOR = {Klaas, G. and Leedham-Green, C. R. and Plesken, W.},
     TITLE = {Linear pro-{$p$}-groups of finite width},
    SERIES = {Lecture Notes in Mathematics},
    VOLUME = {1674},
 PUBLISHER = {Springer-Verlag},
   ADDRESS = {Berlin},
      YEAR = {1997},
     PAGES = {viii+115},
      ISBN = {3-540-63643-9},
}

@manual{ANU06,
        KEY = {ANUPQ},
     AUTHOR = {Eamonn O'Brien and Werner Nickel and Greg Gamble},
      TITLE = "ANUPQ --- A GAP4 Package, Version 3.0",
       YEAR = 2006,
}
